<record xmlns='http://www.loc.gov/MARC21/slim'><leader>00926cam a2200253 a 4500</leader><controlfield tag='001'>a2744121</controlfield><controlfield tag='003'>SIRSI</controlfield><controlfield tag='005'>20150321050002.0</controlfield><controlfield tag='008'>820823c19581939nyu           000 1 eng d</controlfield><datafield ind1=' ' ind2=' ' tag='010'><subfield code='z'>   39027282</subfield></datafield><datafield ind1=' ' ind2=' ' tag='020'><subfield code='a'>0670347914</subfield></datafield><datafield ind1=' ' ind2=' ' tag='020'><subfield code='a'>9780670347919</subfield></datafield><datafield ind1=' ' ind2=' ' tag='035'><subfield code='a'>(OCoLC-M)8712037</subfield></datafield><datafield ind1=' ' ind2=' ' tag='035'><subfield code='a'>(OCoLC-I)274674105</subfield></datafield><datafield ind1=' ' ind2=' ' tag='040'><subfield code='a'>EEM</subfield><subfield code='c'>EEM</subfield><subfield code='d'>OCL</subfield><subfield code='d'>KSU</subfield><subfield code='d'>CLU</subfield><subfield code='d'>m.c.</subfield><subfield code='d'>HLS</subfield><subfield code='d'>UBY</subfield><subfield code='d'>m/c</subfield><subfield code='d'>OrLoB</subfield></datafield><datafield ind1=' ' ind2=' ' tag='049'><subfield code='a'>STFA</subfield></datafield><datafield ind1='1' ind2=' ' tag='100'><subfield code='a'>Steinbeck, John,</subfield><subfield code='d'>1902-1968.</subfield><subfield code=' '>^A116705</subfield></datafield><datafield ind1='1' ind2='4' tag='245'><subfield code='a'>The grapes of wrath /</subfield><subfield code='c'>John Steinbeck.</subfield></datafield><datafield ind1=' ' ind2=' ' tag='250'><subfield code='a'>Viking Compass ed.</subfield></datafield><datafield ind1=' ' ind2=' ' tag='260'><subfield code='a'>New York :</subfield><subfield code='b'>Viking Press,</subfield><subfield code='c'>1958, c1939.</subfield></datafield><datafield ind1=' ' ind2=' ' tag='300'><subfield code='a'>619 p. ;</subfield><subfield code='c'>21 cm.</subfield></datafield><datafield ind1=' ' ind2=' ' tag='596'><subfield code='a'>1</subfield></datafield><datafield ind1=' ' ind2=' ' tag='999'><subfield code='a'>PS3537 .T3234 G7 1958</subfield><subfield code='w'>LC</subfield><subfield code='c'>1</subfield><subfield code='i'>36105003849374</subfield><subfield code='d'>5/11/2010</subfield><subfield code='e'>4/23/2010</subfield><subfield code='l'>STACKS</subfield><subfield code='m'>GREEN</subfield><subfield code='n'>10</subfield><subfield code='q'>2</subfield><subfield code='r'>Y</subfield><subfield code='s'>Y</subfield><subfield code='t'>STKS-MONO</subfield><subfield code='u'>8/31/1993</subfield><subfield code='z'>DIGI-SENT</subfield></datafield><datafield ind1=' ' ind2=' ' tag='999'><subfield code='a'>PS3537 .T3234 G7 1958</subfield><subfield code='w'>LC</subfield><subfield code='c'>2</subfield><subfield code='i'>36105003849366</subfield><subfield code='d'>8/25/2010</subfield><subfield code='e'>3/30/2010</subfield><subfield code='l'>STACKS</subfield><subfield code='m'>GREEN</subfield><subfield code='n'>14</subfield><subfield code='r'>Y</subfield><subfield code='s'>Y</subfield><subfield code='t'>STKS-MONO</subfield><subfield code='u'>8/31/1993</subfield><subfield code='z'>DIGI-SENT</subfield></datafield></record>